@article{tran2020benchmark,
  title={A benchmark of batch-effect correction methods for single-cell RNA sequencing data},
  author={Tran, Hoa Thi Nhu and Ang, Kok Siong and Chevrier, Marion and Zhang, Xiaomeng and Lee, Nicole Yee Shin and Goh, Michelle and Chen, Jinmiao},
  journal={Genome biology},
  volume={21},
  pages={1--32},
  year={2020},
  publisher={Springer}
}

@article{ziegenhain2017comparative,
  title={Comparative analysis of single-cell RNA sequencing methods},
  author={Ziegenhain, Christoph and Vieth, Beate and Parekh, Swati and Reinius, Bj{\"o}rn and Guillaumet-Adkins, Amy and Smets, Martha and Leonhardt, Heinrich and Heyn, Holger and Hellmann, Ines and Enard, Wolfgang},
  journal={Molecular cell},
  volume={65},
  number={4},
  pages={631--643},
  year={2017},
  publisher={Elsevier}
}

@article{baron2016single,
  title={A single-cell transcriptomic map of the human and mouse pancreas reveals inter-and intra-cell population structure},
  author={Baron, Maayan and Veres, Adrian and Wolock, Samuel L and Faust, Aubrey L and Gaujoux, Renaud and Vetere, Amedeo and Ryu, Jennifer Hyoje and Wagner, Bridget K and Shen-Orr, Shai S and Klein, Allon M and others},
  journal={Cell systems},
  volume={3},
  number={4},
  pages={346--360},
  year={2016},
  publisher={Elsevier}
}

@article{muraro2016single,
  title={A single-cell transcriptome atlas of the human pancreas},
  author={Muraro, Mauro J and Dharmadhikari, Gitanjali and Gr{\"u}n, Dominic and Groen, Nathalie and Dielen, Tim and Jansen, Erik and Van Gurp, Leon and Engelse, Marten A and Carlotti, Francoise and De Koning, Eelco Jp and others},
  journal={Cell systems},
  volume={3},
  number={4},
  pages={385--394},
  year={2016},
  publisher={Elsevier}
}

@article{segerstolpe2016single,
  title={Single-cell transcriptome profiling of human pancreatic islets in health and type 2 diabetes},
  author={Segerstolpe, {\AA}sa and Palasantza, Athanasia and Eliasson, Pernilla and Andersson, Eva-Marie and Andr{\'e}asson, Anne-Christine and Sun, Xiaoyan and Picelli, Simone and Sabirsh, Alan and Clausen, Maryam and Bjursell, Magnus K and others},
  journal={Cell metabolism},
  volume={24},
  number={4},
  pages={593--607},
  year={2016},
  publisher={Elsevier}
}

@article{wang2016single,
  title={Single-cell transcriptomics of the human endocrine pancreas},
  author={Wang, Yue J and Schug, Jonathan and Won, Kyoung-Jae and Liu, Chengyang and Naji, Ali and Avrahami, Dana and Golson, Maria L and Kaestner, Klaus H},
  journal={Diabetes},
  volume={65},
  number={10},
  pages={3028--3038},
  year={2016},
  publisher={Am Diabetes Assoc}
}

@article{xin2016rna,
  title={RNA sequencing of single human islet cells reveals type 2 diabetes genes},
  author={Xin, Yurong and Kim, Jinrang and Okamoto, Haruka and Ni, Min and Wei, Yi and Adler, Christina and Murphy, Andrew J and Yancopoulos, George D and Lin, Calvin and Gromada, Jesper},
  journal={Cell metabolism},
  volume={24},
  number={4},
  pages={608--615},
  year={2016},
  publisher={Elsevier}
}

@article{negretti2021single,
  title={A single-cell atlas of mouse lung development},
  author={Negretti, Nicholas M and Plosa, Erin J and Benjamin, John T and Schuler, Bryce A and Habermann, A Christian and Jetter, Christopher S and Gulleman, Peter and Bunn, Claire and Hackett, Alice N and Ransom, Meaghan and others},
  journal={Development},
  volume={148},
  number={24},
  pages={dev199512},
  year={2021},
  publisher={The Company of Biologists Ltd}
}